@InProceedings{ger:Events,
  author = 	 {George~Russell},
  title = 	 {Events in Haskell and How to Implement Them},
  booktitle = 	 {International Conference on Functional Programming},
  year =	 2000
}

@Book{ousterhout,
  author = 	 "John~K.~Ousterhout",
  title = 	 "{T}cl and the {Tk} Toolkit",
  publisher = 	 "Addison Wesley",
  year = 	 1994
}

@Book{Roscoe,
  author =       "A.~W.~Roscoe",
  title =        "The Theory and Practice of Concurrency",
  publisher =    "Prentice Hall",                 
  year =         1998
}


@Book{Hoare,
  author = 	 {C.~A.~R.~Hoare},
  title = 	 {Communicating Sequential Processes},
  publisher =	 {Prentice Hall},
  year =	 1985
}

@Book{Milner:CommunicationConcurrency,
  author =       "R.~Milner",
  title =        "Communication and Concurrency",
  publisher =    "Prentice Hall",
  year =         1989
}


@Book{Milner:PiCalculus,
  author =       "R.~Milner",
  title =        "Communicating and mobile systems: the $\pi$-calculus",
  publisher =    "Cambrige University Press",
  year =         1999
}
